%% start of file `publications.bib'.
%% Copyright 2006-2012 Xavier Danaux (xdanaux at gmail.com).
%
% This work may be distributed and/or modified under the
% conditions of the LaTeX Project Public License version 1.3c,
% available at http://www.latex-project.org/lppl/.

@inproceedings{selaln,
  title={Towards selective-alignment: Bridging the accuracy gap between alignment-based and alignment-free transcript quantification},
  author={Sarkar, Hirak and Zakeri, Mohsen and Malik, Laraib and Patro, Rob},
  booktitle={Proceedings of the 2018 ACM International Conference on Bioinformatics, Computational Biology, and Health Informatics},
  pages={27--36},
  year={2018}
}


@article{minnow,
  title={Minnow: a principled framework for rapid simulation of dscRNA-seq data at the read level},
  author={Sarkar, Hirak and Srivastava, Avi and Patro, Rob},
  journal={Bioinformatics},
  volume={35},
  number={14},
  pages={i136--i144},
  year={2019},
  publisher={Oxford University Press}
}

@article{salmon,
  title={Salmon provides fast and bias-aware quantification of transcript expression},
  author={Patro, Rob and Duggal, Geet and Love, Michael I and Irizarry, Rafael A and Kingsford, Carl},
  journal={Nature methods},
  volume={14},
  number={4},
  pages={417},
  year={2017},
  publisher={Nature Publishing Group}
}

@article{pufferfish,
  title={A space and time-efficient index for the compacted colored de Bruijn graph},
  author={Almodaresi, Fatemeh and Sarkar, Hirak and Srivastava, Avi and Patro, Rob},
  journal={Bioinformatics},
  volume={34},
  number={13},
  pages={i169--i177},
  year={2018},
  publisher={Oxford University Press}
}

@article{rapmap,
  title={RapMap: a rapid, sensitive and accurate tool for mapping RNA-seq reads to transcriptomes},
  author={Srivastava, Avi and Sarkar, Hirak and Gupta, Nitish and Patro, Rob},
  journal={Bioinformatics},
  volume={32},
  number={12},
  pages={i192--i200},
  year={2016},
  publisher={Oxford University Press}
}

@article{quark,
  title={Quark enables semi-reference-based compression of RNA-seq data},
  author={Sarkar, Hirak and Patro, Rob},
  journal={Bioinformatics},
  volume={33},
  number={21},
  pages={3380--3386},
  year={2017},
  publisher={Oxford University Press}
}

@article{terminus,
  title={Terminus enables the discovery of data-driven, robust transcript groups from RNA-seq data},
  author={Sarkar, Hirak and Srivastava, Avi and Bravo, Hector Corrada and Love, Michael I and Patro, Rob},
  journal={bioRxiv},
  year={2020},
  publisher={Cold Spring Harbor Laboratory}
}

@article{mappingsmatter,
  title={Alignment and mapping methodology influence transcript abundance estimation},
  author={Srivastava, Avi and Malik, Laraib and Sarkar, Hirak and Zakeri, Mohsen and Almodaresi, Fatemeh and Soneson, Charlotte and Love, Michael I and Kingsford, Carl and Patro, Rob},
  journal={BioRxiv},
  pages={657874},
  year={2019},
  publisher={Cold Spring Harbor Laboratory}
}

@article{alevin2,
  title={A Bayesian framework for inter-cellular information sharing improves dscRNA-seq quantification},
  author={Srivastava, Avi and Malik, Laraib and Sarkar, Hirak and Patro, Rob},
  journal={bioRxiv},
  year={2020},
  publisher={Cold Spring Harbor Laboratory}
}

@article{rapclust,
  title={Accurate, fast and lightweight clustering of de novo transcriptomes using fragment equivalence classes},
  author={Srivastava, Avi and Sarkar, Hirak and Malik, Laraib and Patro, Rob},
  journal={arXiv preprint arXiv:1604.03250},
  year={2016}
}

@article{daume2009frustratingly,
  title={Frustratingly easy domain adaptation},
  author={Daum{\'e} III, Hal},
  journal={arXiv preprint arXiv:0907.1815},
  year={2009}
}

@article{ganin2014unsupervised,
  title={Unsupervised domain adaptation by backpropagation},
  author={Ganin, Yaroslav and Lempitsky, Victor},
  journal={arXiv preprint arXiv:1409.7495},
  year={2014}
}

@article{liu2019jointly,
  title={Jointly embedding multiple single-cell omics measurements},
  author={Liu, Jie and Huang, Yuanhao and Singh, Ritambhara and Vert, Jean-Philippe and Noble, William Stafford},
  journal={BioRxiv},
  pages={644310},
  year={2019},
  publisher={Cold Spring Harbor Laboratory}
}

@article{amodio2018magan,
  title={Magan: Aligning biological manifolds},
  author={Amodio, Matthew and Krishnaswamy, Smita},
  journal={arXiv preprint arXiv:1803.00385},
  year={2018}
}

@article{eraslan2019deep,
  title={Deep learning: new computational modelling techniques for genomics},
  author={Eraslan, G{\"o}kcen and Avsec, {\v{Z}}iga and Gagneur, Julien and Theis, Fabian J},
  journal={Nature Reviews Genetics},
  volume={20},
  number={7},
  pages={389--403},
  year={2019},
  publisher={Nature Publishing Group}
}